@techreport{Moyer1971,
address = {Pasadena, California, U.S.},
author = {Moyer, Theodore D.},
file = {:Users/john/Documents/Mendeley Desktop/Moyer/1971/Mathematical formulation of the Double-Precision Orbit Determination Program (DPODP).pdf:pdf},
institution = {Jet Propulsion Laboratory},
mendeley-groups = {Space/Filters/Sensors/Radiometric},
title = {{Mathematical formulation of the Double-Precision Orbit Determination Program (DPODP)}},
year = {1971}
}
@phdthesis{Crain2000,
author = {Crain, Timothy Price},
file = {:Users/john/Documents/Mendeley Desktop/Crain/2000/Adaptive Interplanetary Orbit Determination.pdf:pdf},
mendeley-groups = {Space/Filters/Sensors/Radiometric},
school = {The University of Texas at Austin},
title = {{Adaptive Interplanetary Orbit Determination}},
type = {Dissertation},
year = {2000}
}
